@Book{chandryou,
  title = {The Book of OHDSI Korea},
  author = {Observational Health Data Science and Informatics, Korea},
  publisher = {Ajou university},
  address = {164, Worldcup-ro Yeongtong-gu, Suwon 16499},
  year = {2019},
  edition = {0.1},
  note = {},
  url = {},
}
